@article{cite2,
  title={Application of theorem proving to problem solving},
  author={Green, Cordell},
  booktitle={Readings in Artificial Intelligence},
  pages={202--222},
  year={1981},
  publisher={Elsevier}
}