@article{food2011drug,
  title={drug administration. 2011},
  author={Food, US},
  journal={Korean Food Standards Codex},
  volume={591},
  year={2011}
}