@article{ref1,
  title={A generalized Green's theorem},
  author={Sheen, Dongwoo},
  journal={Applied mathematics letters},
  volume={5},
  number={4},
  pages={95--98},
  year={1992},
  publisher={Elsevier}
@article{cite2,
  title={Lipschitz algebras and derivations II. Exterior differentiation},
  author={Weaver, Nik},
  journal={Journal of Functional Analysis},
  volume={178},
  number={1},
  pages={64--112},
  year={2000},
  publisher={Elsevier}


}
