@misc{ref1,
  title={The Art Gallery Problem: An Overview and Extension to Chromatic Coloring and Mobile Guards},
  author={Chesnokov, Nicole},
  year={2018},
  publisher={Cambridge: MIT Mathematics}
}