@article{siep,
  title={Pascal's triangle},
  author={Weisstein, Eric W},
  journal={https://mathworld. wolfram. com/},
  year={2002},
  publisher={Wolfram Research, Inc.}
  
  
@article{selfs,
  title={Self-similarity},
  author={MIshra, Punya and Bhatnagar, Gaurav},
  journal={At Right Angles},
  volume={3},
  number={2},
  pages={23--30},
  year={2014},
  publisher={Azim Premji University}
  
}
